@book{evaleco,
title={Manuel d’évaluation économique des procédés},
author={A. Chauvel P. Leprince Y. Barthel C. Raimbault J-P Arlie},
year={1976},
publisher={Technip}
}

@book{lossprev,
title={Loss Prevention in the Process Industries (Vol.1 et Vol.2)},
author={Frank P. Lees},
isbn={0408106042},
year={1980},
publisher={Butterworth et Co}
}

@book{capt,
title={CO2 capture and storage in the subsurface},
author={Director of the series : J. Varet},
isbn={9782715924383},
year={2007},
publisher={BRGM Editions}
}

@book{capt2,
title={Carbon Capture and Sequestration Integrating Technology, Monitoring and Regulation},
author={Elizabeth J. Wilson and David Gerard},
isbn={…},
year={…},
publisher={Wiley-Interscience}
}

@online{ammo1,
title={L'ammoniac, un polluant acide de l'air, des sols et des eaux superficielles},
organization={Association agréée de protection de l’environnement et de défense des consommateurs, Membre de France Nature Environnement et du Bureau Européen de l’Environnement},
url={http://www.eau-et-rivieres.asso.fr/media/user/File/PDF/Lammoniac_polluant_des_sols.pdf},
urldate={2014-12-11},
}

@online{ammo2,
title={Ammoniac},
author={P. Davoust},
url={ http://www.ecosociosystemes.fr/ammoniac.html },
urldate={2014-12-11},
}

@online{ammo3,
title={Ammoniac-NH3},
organization={Centre Interprofessionnel Technique d’Etude de la Pollution Atmosphérique},
url={ http://www.citepa.org/fr/pollution-et-climat/polluants/aep-item/ammoniac },
urldate={2014-12-11},
}

@online{prob1,
title={La chimie, une science au cœur des énergies d’avenir },
author={B. Bigot},
url={http://www.mediachimie.org/sites/default/files/energie_Bigot.pdf},
urldate={2014-12-11},
}

@online{sol1,
title={Chimie verte : une méthode simple et efficace pour le recyclage du CO2 },
organization={CEA},
date={2012-02-07},
url={http://www.cea.fr/presse/liste-des-communiques/une-methode-simple-et-efficace-pour-le-recyclage-77013},
urldate={2014-12-11},
}

@online{sol2,
title={Recycler le CO2 : une nouvelle approche},
organization={Centre national de la recherche scientifique},
date={2011-10-03},
url={http://www2.cnrs.fr/presse/communique/2309.htm},
urldate={2014-12-11},
}

@online{sol3,
title={From sunlight to jet fuel : EU project makes first « solar » kerosene},
organization={European Commission},
date={2014-04-28},
url={http://ec.europa.eu/programmes/horizon2020/en/news/sunlight-jet-fuel-eu-project-makes-first-solar-kerosene},
urldate={2014-12-11},
}

@online{sol4,
title={Sunlight to jet fuel : European Collaboration SOLAR-JET for the first time demonstrates the entire production path of « solar » kerosene},
organization={Bauhaus Luftfahrt Neue Wege},
date={2014-04-28},
url={http://www.bauhaus-luftfahrt.net/archive/201esolarer201c-flugkraftstoff-europaeisches-projekt-solar-jet-demonstriert-erstmals-die-produktion-von-kerosin-aus-sonnenlicht},
urldate={2014-12-11},
}

@online{algues,
title={Microalgues et  biocatalyse},
organization={Club CO2},
date={2014-04-28},
url={http://www.captage-stockage-valorisation-co2.fr/microalgues-et-biocatalyse},
urldate={2014-12-11},
}

@online{changclim,
title={Le monde face au changement climatique},
organization={Planète énergies},
date={2014-04-28},
url={http://www.planete-energies.com/fr/medias/dossiers/le-monde-face-au-changement-climatique},
urldate={2014-12-11},
}

