@book{atkins,
    title={Principes de chimie},
    author={Atkins, P.W. and Jones, L. and Pousse, A.},
    isbn={9782804155087},
    %url={http://books.google.be/books?id=nVMRXA\_mjqUC},
    year={2007},
    publisher={De Boeck}
}
@online{epa,
    title={Emissions Factors \& AP 42},
    subtitle={Compilation of Air Pollutant Emission Factors},
    organization={U.S. Environmental Protection Agency},
    url={http://www.epa.gov/ttnchie1/ap42/},
    urldate={2014-09-23},
}
@online{nist,
    title={NIST Chemistry WebBook},
    %subtitle={NIST Standard Reference Database Number 69},
    organization={National Institute of Standards and Technology},
    %editor={Linstrom, P.J.},
    url={http://webbook.nist.gov/chemistry/},
    urldate={2014-12-11},
}
@patent{process-patent,
    title={Procédé de production d'ammoniac et du gaz de synthèse correspondant},
    author={Banquy, David Léon},
    note={Brevet européen EP0032096},
    date={1980-12-26},
    url={http://worldwide.espacenet.com/publicationDetails/biblio?CC=EP&NR=0032096},
    urldate={2014-09-23},
}
@online{contaminants,
    title={Managing trace contaminants in cryogenic air separation},
    author={W.P. Schmidt and K.W. Kovak and W.R. Licht and S.L. Feldman},
    year={2000},
    organization={Air Products and Chemicals, Inc.},
    url={http://www.airproducts.com/~/media/downloads/white-papers/M/en-managing-trace-contaminants-in-cryogenic-air-separation-whitepaper.pdf},
    urldate={2014-09-23},
}
@online{guilayout,
    title={GUI Layout Toolbox},
    author={Tordoff, Ben},
    year={2010},
    organization={MathWorks},
    url={http://www.mathworks.com/matlabcentral/fileexchange/27758-gui-layout-toolbox},
    urldate={2014-12-17},
}
@online{energie-renou,
    title={Inventaire des énergies renouvelables},
    subtitle={Électrolyse pour moteur thermique},
    author={Henry, Frédéric},
    url={http://energiein.e-monsite.com/pages/46-electrolyse-pour-moteur-thermique.html},
    urldate={2014-11-28},
}
@online{wehicles-elec,
    title={Production de l'hydrogène par électrolyse de l'eau},
    organization={Wehicles},
    url={https://wehicles.com/wiki/Production_Hydrogene_Electrolyse_de_l_eau},
    urldate={2014-11-28},
}
@online{wehicles-vapo,
    title={Production de l'hydrogène par vaporeformage},
    organization={Wehicles},
    url={https://wehicles.com/wiki/Production_Hydrogene_Vaporeformage},
    urldate={2014-11-28},
}
@online{disque,
    title={Disques de rupture},
    organization={SID Steiblé},
    url={http://www.sid-steible.fr/equipements-securite/disques-de-rupture/disques-de-rupture/},
    urldate={2014-11-20},
}
