@book{manuel,
author={A. Chauvel P. Leprince Y. Barthel C. Raimbault J-P Arlie},
title={Manuel d’évaluation économique des procédés},
publisher={Technip},
year={1976}
}

@online{imstock,
title={Carbon Capture and Sequestration Flow Chart},
organization={World resources institute},
url={http://www.wri.org/resources/charts-graphs/carbon-capture-sequestration-flow-chart},
urldate={2014-12-11},
}

@online{giec,
title={Piégeage et stokage du dioxyde de carbone},
organization={GIEC (Groupe d'experts intergouvernemental sur l'évolution du climat)},
url={http://www.ipcc.ch/pdf/special-reports/srccs/srccs_spm_ts_fr.pdf},
urldate={2014-12-11},
}

@online{greenfacts,
title={Piégeage et stokage du CO2},
organization={GreenFacts Faits sur la santé et l'environnement},
url={http://www.greenfacts.org/fr/piegeage-stockage-co2/l-2/3-piegeage-co2.htm},
urldate={2014-12-11},
}

@online{aquisalin,
title={Aquifère salin},
organization={Futura-sciences},
url={http://www.futura-sciences.com/magazines/terre/infos/dico/d/geologie-aquifere-salin-7035/},
urldate={2014-12-11},
}

@online{total,
title={Capter et stocker le CO2},
organization={Total},
url={http://www.total.com/fr/societe-environnement/environnement/climat-co2/capter-stocker-co2},
urldate={2014-12-11},
}

@book{book1,
title={CO2 capture and storage in the subsurface},
author={Director of the series : J. Varet},
isbn={9782715924383},
year={2007},
publisher={BRGM Editions}
}

@book{book2,
title={Carbon Capture and Sequestration Integrating Technology, Monitoring and Regulation},
author={Elizabeth J. Wilson and David Gerard},
isbn={…},
year={…},
publisher={Wiley-Interscience}
}
