@book{atkins,
    title={Principes de chimie},
    author={Atkins, P.W. and Jones, L. and Pousse, A.},
    isbn={9782804155087},
    %url={http://books.google.be/books?id=nVMRXA\_mjqUC},
    year={2007},
    publisher={De Boeck}
}
